@article {MR846601,
    AUTHOR = {Anick, David J.},
     TITLE = {On the homology of associative algebras},
   JOURNAL = {Trans. Amer. Math. Soc.},
  FJOURNAL = {Transactions of the American Mathematical Society},
    VOLUME = {296},
      YEAR = {1986},
    NUMBER = {2},
     PAGES = {641--659},
      ISSN = {0002-9947},
     CODEN = {TAMTAM},
   MRCLASS = {16A62 (13D03 55S10)},
  MRNUMBER = {846601},
MRREVIEWER = {V. P. Snaith},
       DOI = {10.2307/2000383},
       URL = {http://dx.doi.org/10.2307/2000383},
}

@article {MR1832913,
    AUTHOR = {Berger, Roland},
     TITLE = {Koszulity for nonquadratic algebras},
   JOURNAL = {J. Algebra},
  FJOURNAL = {Journal of Algebra},
    VOLUME = {239},
      YEAR = {2001},
    NUMBER = {2},
     PAGES = {705--734},
      ISSN = {0021-8693},
     CODEN = {JALGA4},
   MRCLASS = {16S37},
  MRNUMBER = {1832913},
MRREVIEWER = {Dmitriy A. Rumynin},
       DOI = {10.1006/jabr.2000.8703},
       URL = {http://dx.doi.org/10.1006/jabr.2000.8703},
}

@article {MR506890,
    AUTHOR = {Bergman, George M.},
     TITLE = {The diamond lemma for ring theory},
   JOURNAL = {Adv. in Math.},
  FJOURNAL = {Advances in Mathematics},
    VOLUME = {29},
      YEAR = {1978},
    NUMBER = {2},
     PAGES = {178--218},
      ISSN = {0001-8708},
     CODEN = {ADMTA4},
   MRCLASS = {16-02},
  MRNUMBER = {506890},
MRREVIEWER = {P. M. Cohn},
       DOI = {10.1016/0001-8708(78)90010-5},
       URL = {http://dx.doi.org/10.1016/0001-8708(78)90010-5},
}

@preamble{
   "\def\cprime{$'$} "
}
@article {MR0506423,
    AUTHOR = {Bokut{\cprime}, Leonid A.},
     TITLE = {Imbeddings into simple associative algebras},
   JOURNAL = {Algebra i Logika},
  FJOURNAL = {Akademiya Nauk SSSR. Sibirskoe Otdelenie. Institut Matematiki.
              Algebra i Logika},
    VOLUME = {15},
      YEAR = {1976},
    NUMBER = {2},
     PAGES = {117--142, 245},
      ISSN = {0373-9252},
   MRCLASS = {16A48},
  MRNUMBER = {0506423},
MRREVIEWER = {C. Nita},
}

@article {MR0268178,
    AUTHOR = {Buchberger, Bruno},
     TITLE = {Ein algorithmisches {K}riterium f\"ur die {L}\"osbarkeit eines
              algebraischen {G}leichungssystems},
   JOURNAL = {Aequationes Math.},
  FJOURNAL = {Aequationes Mathematicae},
    VOLUME = {4},
      YEAR = {1970},
     PAGES = {374--383},
      ISSN = {0001-9054},
   MRCLASS = {13.93},
  MRNUMBER = {0268178},
MRREVIEWER = {N. Sankaran},
}


@book {MR1699811,
     TITLE = {Gr\"obner bases and applications},
    SERIES = {London Mathematical Society Lecture Note Series},
    VOLUME = {251},
    EDITOR = {Buchberger, B. and Winkler, F.},
      NOTE = {Papers from the Conference on 33 Years of Gr\"obner Bases held
              at the University of Linz, Linz, February 2--4, 1998},
 PUBLISHER = {Cambridge University Press, Cambridge},
      YEAR = {1998},
     PAGES = {viii+552},
      ISBN = {0-521-63298-6},
   MRCLASS = {13-06 (00B25 13P10)},
  MRNUMBER = {1699811},
       DOI = {10.1017/CBO9780511565847},
       URL = {http://dx.doi.org/10.1017/CBO9780511565847},
}

@unpublished{chenavier2018quotients,
  title={Quotients of the magmatic operad: lattice structures and convergent rewrite systems},
  author={Chenavier, Cyrille and Cordero, Christophe and Giraudo, Samuele},
  journal={arXiv preprint arXiv:1809.05083},
  year={2018}
}

@article {MR3503238,
    AUTHOR = {Chenavier, Cyrille},
     TITLE = {Confluence {A}lgebras and {A}cyclicity of the {K}oszul
              {C}omplex},
   JOURNAL = {Algebr. Represent. Theory},
  FJOURNAL = {Algebras and Representation Theory},
    VOLUME = {19},
      YEAR = {2016},
    NUMBER = {3},
     PAGES = {679--711},
      ISSN = {1386-923X},
   MRCLASS = {Preliminary Data},
  MRNUMBER = {3503238},
       DOI = {10.1007/s10468-016-9595-6},
       URL = {http://dx.doi.org/10.1007/s10468-016-9595-6},
}

@phdthesis{chenavier:tel-01415910,
  TITLE = {{The lattice of reduction operators: applications to noncommutative Gr{\"o}bner bases and homological algebra}},
  AUTHOR = {Chenavier, Cyrille},
  URL = {https://tel.archives-ouvertes.fr/tel-01415910},
  SCHOOL = {{Universit{\'e} Paris Diderot}},
  YEAR = {2016},
  MONTH = Dec,
  KEYWORDS = {Reduction operators ; Lattice ; Rewriting ; Noncommutative Gr{\"o}bner bases ; Contracting homotopy for the Koszul complex ; Op{\'e}rateurs de r{\'e}duction ; Treillis ; R{\'e}{\'e}criture ; Bases de Gr{\"o}bner non commutatives ; Homotopie contractante du complexe de Koszul},
  TYPE = {Theses},
  PDF = {https://tel.archives-ouvertes.fr/tel-01415910/file/Th%C3%A8se.pdf},
  HAL_ID = {tel-01415910},
  HAL_VERSION = {v1},
}

@article {MR3673007,
    AUTHOR = {Chenavier, Cyrille},
     TITLE = {Reduction operators and completion of rewriting systems},
   JOURNAL = {J. Symbolic Comput.},
  FJOURNAL = {Journal of Symbolic Computation},
    VOLUME = {84},
      YEAR = {2018},
     PAGES = {57--83},
      ISSN = {0747-7171},
   MRCLASS = {68Q42 (16S15)},
  MRNUMBER = {3673007},
MRREVIEWER = {Eylem G\"uzel Karpuz},
       DOI = {10.1016/j.jsc.2017.03.002},
       URL = {https://doi.org/10.1016/j.jsc.2017.03.002},
}

@inproceedings{IWC2018,
TITLE={{The diamond lemma for free modules}},
AUTHOR = {Chenavier, Cyrille},
NOTE = {{I}nternational {W}orkshop on {C}onfluence ({IWC} 2018), {O}xford},
YEAR = {2018},
}

@article{chenavier:hal-01489200,
  TITLE = {{A Lattice Formulation of the F 4 Completion Procedure}},
  AUTHOR = {Chenavier, Cyrille},
  URL = {https://hal.archives-ouvertes.fr/hal-01489200},
  JOURNAL = {Inter. Journal of Alg. and Comp.},
  FJOURNAL = {International Journal of Algebra and Computation},
    VOLUME = {223},
      YEAR = {2019},
     PAGES = {721--737},
   
}

@article {MR3850567,
    AUTHOR = {Chenavier, Cyrille},
     TITLE = {Syzygies among reduction operators},
   JOURNAL = {J. Pure Appl. Algebra},
  FJOURNAL = {Journal of Pure and Applied Algebra},
    VOLUME = {223},
      YEAR = {2019},
    NUMBER = {2},
     PAGES = {721--737},
      ISSN = {0022-4049},
   MRCLASS = {Prelim},
  MRNUMBER = {3850567},
       DOI = {10.1016/j.jpaa.2018.04.017},
       URL = {https://doi.org/10.1016/j.jpaa.2018.04.017},
}

@unpublished{chenavier2018quotients,
  title={Quotients of the magmatic operad: lattice structures and convergent rewrite systems},
  author={Chenavier, Cyrille and Cordero, Christophe and Giraudo, Samuele},
  journal={arXiv preprint arXiv:1809.05083},
  year={2018}
}


@article {MR2233761,
    AUTHOR = {Chyzak, F. and Quadrat, A. and Robertz, D.},
     TITLE = {Effective algorithms for parametrizing linear control systems
              over {O}re algebras},
   JOURNAL = {Appl. Algebra Engrg. Comm. Comput.},
  FJOURNAL = {Applicable Algebra in Engineering, Communication and
              Computing},
    VOLUME = {16},
      YEAR = {2005},
    NUMBER = {5},
     PAGES = {319--376},
      ISSN = {0938-1279},
   MRCLASS = {93B25 (13P99 93B40)},
  MRNUMBER = {2233761},
MRREVIEWER = {Tom\'{a}s S\'{a}nchez-Giralda},
       DOI = {10.1007/s00200-005-0188-6},
       URL = {https://doi.org/10.1007/s00200-005-0188-6},
}

@inproceedings{cluzeau2011constructive,
  title={A constructive version of Fitting's theorem on isomorphisms and equivalences of linear systems},
  author={Cluzeau, Thomas and Quadrat, Alban},
  booktitle={Multidimensional (nD) Systems (nDs), 2011 7th International Workshop on},
  pages={1--8},
  year={2011},
  organization={IEEE}
}

@article {MR2667136,
    AUTHOR = {Dotsenko, Vladimir and Khoroshkin, Anton},
     TITLE = {Gr\"obner bases for operads},
   JOURNAL = {Duke Math. J.},
  FJOURNAL = {Duke Mathematical Journal},
    VOLUME = {153},
      YEAR = {2010},
    NUMBER = {2},
     PAGES = {363--396},
      ISSN = {0012-7094},
   MRCLASS = {18D50},
  MRNUMBER = {2667136},
MRREVIEWER = {Beno\~A$\circledR$t Fresse},
       DOI = {10.1215/00127094-2010-026},
       URL = {http://dx.doi.org/10.1215/00127094-2010-026},
}

@article {MR3110804,
    AUTHOR = {Dotsenko, Vladimir and Vallette, Bruno},
     TITLE = {Higher {K}oszul duality for associative algebras},
   JOURNAL = {Glasg. Math. J.},
  FJOURNAL = {Glasgow Mathematical Journal},
    VOLUME = {55},
      YEAR = {2013},
    NUMBER = {A},
     PAGES = {55--74},
      ISSN = {0017-0895},
   MRCLASS = {16E45 (16S37 18D50)},
  MRNUMBER = {3110804},
MRREVIEWER = {Liping Li},
       DOI = {10.1017/S0017089513000505},
       URL = {http://dx.doi.org/10.1017/S0017089513000505},
}

@article {MR1700538,
    AUTHOR = {Faug{\`e}re, Jean-Charles},
     TITLE = {A new efficient algorithm for computing {G}r\"obner bases
              {$(F_4)$}},
      NOTE = {Effective methods in algebraic geometry (Saint-Malo, 1998)},
   JOURNAL = {J. Pure Appl. Algebra},
  FJOURNAL = {Journal of Pure and Applied Algebra},
    VOLUME = {139},
      YEAR = {1999},
    NUMBER = {1-3},
     PAGES = {61--88},
      ISSN = {0022-4049},
     CODEN = {JPAAA2},
   MRCLASS = {13P10},
  MRNUMBER = {1700538},
MRREVIEWER = {Ralf Fr{\"o}berg},
       DOI = {10.1016/S0022-4049(99)00005-5},
       URL = {http://dx.doi.org/10.1016/S0022-4049(99)00005-5},
}

@article {MR1513062,
    AUTHOR = {Fitting, Hans},
     TITLE = {\"{U}ber den {Z}usammenhang zwischen dem {B}egriff der
              {G}leichartigkeit zweier {I}deale und dem \"{A}quivalenzbegriff
              der {E}lementarteilertheorie},
   JOURNAL = {Math. Ann.},
  FJOURNAL = {Mathematische Annalen},
    VOLUME = {112},
      YEAR = {1936},
    NUMBER = {1},
     PAGES = {572--582},
      ISSN = {0025-5831},
   MRCLASS = {DML},
  MRNUMBER = {1513062},
       DOI = {10.1007/BF01565430},
       URL = {https://doi.org/10.1007/BF01565430},
}

@article {MR3347996,
    AUTHOR = {Gaussent, St\'ephane and Guiraud, Yves and Malbos, Philippe},
     TITLE = {Coherent presentations of {A}rtin monoids},
   JOURNAL = {Compos. Math.},
  FJOURNAL = {Compositio Mathematica},
    VOLUME = {151},
      YEAR = {2015},
    NUMBER = {5},
     PAGES = {957--998},
      ISSN = {0010-437X},
   MRCLASS = {20M05 (18D05 20F36 68Q42)},
  MRNUMBER = {3347996},
MRREVIEWER = {Zhenheng Li},
       DOI = {10.1112/S0010437X14007842},
       URL = {http://dx.doi.org/10.1112/S0010437X14007842},
}

@article {MR988418,
    AUTHOR = {Gebauer, R\"udiger and M\"oller, H. Michael},
     TITLE = {On an installation of {B}uchberger's algorithm},
      NOTE = {Computational aspects of commutative algebra},
   JOURNAL = {J. Symbolic Comput.},
  FJOURNAL = {Journal of Symbolic Computation},
    VOLUME = {6},
      YEAR = {1988},
    NUMBER = {2-3},
     PAGES = {275--286},
      ISSN = {0747-7171},
   MRCLASS = {13P10 (68Q40)},
  MRNUMBER = {988418},
MRREVIEWER = {Ferdinando Mora},
       DOI = {10.1016/S0747-7171(88)80048-8},
       URL = {http://dx.doi.org/10.1016/S0747-7171(88)80048-8},
}

@article {MR2964639,
    AUTHOR = {Guiraud, Yves and Malbos, Philippe},
     TITLE = {Higher-dimensional normalisation strategies for acyclicity},
   JOURNAL = {Adv. Math.},
  FJOURNAL = {Advances in Mathematics},
    VOLUME = {231},
      YEAR = {2012},
    NUMBER = {3-4},
     PAGES = {2294--2351},
      ISSN = {0001-8708},
   MRCLASS = {18C10 (18D05 18G10 18G20 68Q42)},
  MRNUMBER = {2964639},
MRREVIEWER = {Enrico Vitale},
       DOI = {10.1016/j.aim.2012.05.010},
       URL = {http://dx.doi.org/10.1016/j.aim.2012.05.010},
}

@inproceedings{hetel:hal-00685162,
  TITLE = {{Discrete-time switched systems, set theoretic analysis and quasi-quadratic Lyapunov functions}},
  AUTHOR = {Hetel, Laurentiu and Kruszewski, Alexandre and Perruquetti, Wilfrid and Richard, Jean-Pierre},
  URL = {https://hal.archives-ouvertes.fr/hal-00685162},
  BOOKTITLE = {{MED'11, 19th IEEE Mediterranean Conference on Control and Automation}},
  ADDRESS = {Corfu, Greece},
  PAGES = {ThCT1.1},
  YEAR = {2011},
  MONTH = Jun,
  KEYWORDS = {LMI ; switched systems ; arbitrary switching ; stability ; Lyapunov functions ; quasi-quadratic Lyapunov functions ; positively invariant sets ; Linear Matrix Inequalities},
  HAL_ID = {hal-00685162},
  HAL_VERSION = {v1},
}

@unpublished{iohara:hal-01673715,
  TITLE = {{From analytical mechanical problems to rewriting theory through M. Janet}},
  AUTHOR = {Iohara, Kenji and Malbos, Philippe},
  URL = {https://hal.archives-ouvertes.fr/hal-01673715},
  NOTE = {Lecture note of the Kobe-Lyon summer school 2015},
  YEAR = {2018},
  MONTH = Jun,
  PDF = {https://hal.archives-ouvertes.fr/hal-01673715/file/janet.pdf},
  HAL_ID = {hal-01673715},
}

@book {MR3532888,
    AUTHOR = {Janet, Maurice},
     TITLE = {Sur les syst\`emes d'\'{e}quations aux d\'{e}riv\'{e}es partielles},
 PUBLISHER = {NUMDAM, [place of publication not identified]},
      YEAR = {1920},
     PAGES = {91},
   MRCLASS = {Thesis},
  MRNUMBER = {3532888},
       URL = {http://www.numdam.org/item?id=THESE_1920__19__1_0},
}

@article {MR1509256,
    AUTHOR = {Janet, Maurice},
     TITLE = {Les modules de formes alg\'{e}briques et la th\'{e}orie g\'{e}n\'{e}rale des
              syst\`emes diff\'{e}rentiels},
   JOURNAL = {Ann. Sci. \'{E}cole Norm. Sup. (3)},
  FJOURNAL = {Annales Scientifiques de l'\'{E}cole Normale Sup\'{e}rieure. Troisi\`eme
              S\'{e}rie},
    VOLUME = {41},
      YEAR = {1924},
     PAGES = {27--65},
      ISSN = {0012-9593},
   MRCLASS = {DML},
  MRNUMBER = {1509256},
       URL = {http://www.numdam.org/item?id=ASENS_1924_3_41__27_0},
}

@article {MR1044911,
    AUTHOR = {Kandri-Rody, A. and Weispfenning, V.},
     TITLE = {Noncommutative {G}r\"{o}bner bases in algebras of solvable type},
   JOURNAL = {J. Symbolic Comput.},
  FJOURNAL = {Journal of Symbolic Computation},
    VOLUME = {9},
      YEAR = {1990},
    NUMBER = {1},
     PAGES = {1--26},
      ISSN = {0747-7171},
   MRCLASS = {13P10 (68Q40)},
  MRNUMBER = {1044911},
MRREVIEWER = {Heinrich Rolletschek},
       DOI = {10.1016/S0747-7171(08)80003-X},
       URL = {https://doi.org/10.1016/S0747-7171(08)80003-X},
}

@incollection {MR0255472,
    AUTHOR = {Knuth, Donald E. and Bendix, Peter B.},
     TITLE = {Simple word problems in universal algebras},
 BOOKTITLE = {Computational {P}roblems in {A}bstract {A}lgebra ({P}roc.
              {C}onf., {O}xford, 1967) },
     PAGES = {263--297},
 PUBLISHER = {Pergamon, Oxford},
      YEAR = {1970},
   MRCLASS = {08.30 (02.00)},
  MRNUMBER = {0255472},
MRREVIEWER = {B. H. Neumann},
}

@article{MR2110434,
    AUTHOR = {Kobayashi, Yuji},
     TITLE = {Gr\"obner bases of associative algebras and the {H}ochschild
              cohomology},
   JOURNAL = {Trans. Amer. Math. Soc.},
  FJOURNAL = {Transactions of the American Mathematical Society},
    VOLUME = {357},
      YEAR = {2005},
    NUMBER = {3},
     PAGES = {1095--1124 (electronic)},
      ISSN = {0002-9947},
     CODEN = {TAMTAM},
   MRCLASS = {16S15 (16E40)},
  MRNUMBER = {2110434},
MRREVIEWER = {Aleksandr A. Mikhalev},
       DOI = {10.1090/S0002-9947-04-03556-1},
       URL = {http://dx.doi.org/10.1090/S0002-9947-04-03556-1},
}

@article {MR1072284,
    AUTHOR = {Kobayashi, Yuji},
     TITLE = {Complete rewriting systems and homology of monoid algebras},
   JOURNAL = {J. Pure Appl. Algebra},
  FJOURNAL = {Journal of Pure and Applied Algebra},
    VOLUME = {65},
      YEAR = {1990},
    NUMBER = {3},
     PAGES = {263--275},
      ISSN = {0022-4049},
     CODEN = {JPAAA2},
   MRCLASS = {18B99 (16S99 20M25 68Q42)},
  MRNUMBER = {1072284 (92d:18003)},
MRREVIEWER = {H.-J. Hoehnke},
       DOI = {10.1016/0022-4049(90)90106-R},
       URL = {http://dx.doi.org/10.1016/0022-4049(90)90106-R},
}

@article {MR0036511,
    AUTHOR = {Koszul, Jean-Louis},
     TITLE = {Homologie et cohomologie des alg\`ebres de {L}ie},
   JOURNAL = {Bull. Soc. Math. France},
  FJOURNAL = {Bulletin de la Soci\'et\'e Math\'ematique de France},
    VOLUME = {78},
      YEAR = {1950},
     PAGES = {65--127},
      ISSN = {0037-9484},
   MRCLASS = {56.0X},
  MRNUMBER = {0036511},
MRREVIEWER = {C. Chevalley},
}

@article{MR1751257,
    AUTHOR = {Liberzon, Daniel and Hespanha, Jo\~{a}o P. and Morse, A. Stephen},
     TITLE = {Stability of switched systems: a {L}ie-algebraic condition},
   JOURNAL = {Systems Control Lett.},
  FJOURNAL = {Systems \& Control Letters},
    VOLUME = {37},
      YEAR = {1999},
    NUMBER = {3},
     PAGES = {117--122},
      ISSN = {0167-6911},
   MRCLASS = {34D20 (34H05 93D05)},
  MRNUMBER = {1751257},
       DOI = {10.1016/S0167-6911(99)00012-2},
       URL = {https://doi.org/10.1016/S0167-6911(99)00012-2},
}

@book{MR1811901,
    AUTHOR = {McConnell, J. C. and Robson, J. C.},
     TITLE = {Noncommutative {N}oetherian rings},
    SERIES = {Graduate Studies in Mathematics},
    VOLUME = {30},
   EDITION = {Revised},
      NOTE = {With the cooperation of L. W. Small},
 PUBLISHER = {American Mathematical Society, Providence, RI},
      YEAR = {2001},
     PAGES = {xx+636},
      ISBN = {0-8218-2169-5},
   MRCLASS = {16P40 (16-02)},
  MRNUMBER = {1811901},
       DOI = {10.1090/gsm/030},
       URL = {https://doi.org/10.1090/gsm/030},
}

@inproceedings{megretski-cdc-96,
author = {Megretski, Alexandre},
year = {1997},
month = {01},
pages = {2389 - 2394 vol.3},
title = {Integral quadratic constraints derived from the set-theoretic analysis of difference inclusions},
volume = {3},
isbn = {0-7803-3590-2},
doi = {10.1109/CDC.1996.573446}
}

@article {MR1299371,
    AUTHOR = {Mora, Teo},
     TITLE = {An introduction to commutative and noncommutative {G}r\"obner
              bases},
      NOTE = {Second International Colloquium on Words, Languages and
              Combinatorics (Kyoto, 1992)},
   JOURNAL = {Theoret. Comput. Sci.},
  FJOURNAL = {Theoretical Computer Science},
    VOLUME = {134},
      YEAR = {1994},
    NUMBER = {1},
     PAGES = {131--173},
      ISSN = {0304-3975},
     CODEN = {TCSDI},
   MRCLASS = {13P10 (16S36 20M25)},
  MRNUMBER = {1299371},
MRREVIEWER = {Franz Pauer},
       DOI = {10.1016/0304-3975(94)90283-6},
       URL = {http://dx.doi.org/10.1016/0304-3975(94)90283-6},
}

@book{MR1308976,
    AUTHOR = {Pommaret, J.-F.},
     TITLE = {Partial differential equations and group theory},
    SERIES = {Mathematics and its Applications},
    VOLUME = {293},
      NOTE = {New perspectives for applications},
 PUBLISHER = {Kluwer Academic Publishers Group, Dordrecht},
      YEAR = {1994},
     PAGES = {x+473},
      ISBN = {0-7923-2966-X},
   MRCLASS = {58Hxx (00A05 35-02 35A30 35Qxx 93C20)},
  MRNUMBER = {1308976},
MRREVIEWER = {H. Goldschmidt},
       DOI = {10.1007/978-94-017-2539-2},
       URL = {https://doi.org/10.1007/978-94-017-2539-2},
}

@article {MR3707860,
    AUTHOR = {Hossein Poor, Jamal and Raab, Clemens G. and Regensburger,
              Georg},
     TITLE = {Algorithmic operator algebras via normal forms in tensor
              rings},
   JOURNAL = {J. Symbolic Comput.},
  FJOURNAL = {Journal of Symbolic Computation},
    VOLUME = {85},
      YEAR = {2018},
     PAGES = {247--274},
      ISSN = {0747-7171},
   MRCLASS = {16Z05 (45P05)},
  MRNUMBER = {3707860},
MRREVIEWER = {Oswaldo Lezama},
       DOI = {10.1016/j.jsc.2017.07.011},
       URL = {https://doi.org/10.1016/j.jsc.2017.07.011},
}

@article {MR0265437,
    AUTHOR = {Priddy, Stewart B.},
     TITLE = {Koszul resolutions},
   JOURNAL = {Trans. Amer. Math. Soc.},
  FJOURNAL = {Transactions of the American Mathematical Society},
    VOLUME = {152},
      YEAR = {1970},
     PAGES = {39--60},
      ISSN = {0002-9947},
   MRCLASS = {18.20},
  MRNUMBER = {0265437},
MRREVIEWER = {A. K. Bousfield},
}

@article {MR2267136,
    AUTHOR = {Reinert, Birgit},
     TITLE = {Gr\"obner bases in function rings---a guide for introducing
              reduction relations to algebraic structures},
   JOURNAL = {J. Symbolic Comput.},
  FJOURNAL = {Journal of Symbolic Computation},
    VOLUME = {41},
      YEAR = {2006},
    NUMBER = {11},
     PAGES = {1264--1294},
      ISSN = {0747-7171},
   MRCLASS = {68W30 (13P10 16S60 16Z05)},
  MRNUMBER = {2267136},
MRREVIEWER = {Guillermo Matera},
       DOI = {10.1016/j.jsc.2005.01.010},
       URL = {http://dx.doi.org/10.1016/j.jsc.2005.01.010},
}

@book {MR2590633,
     TITLE = {Gr\"obner bases, coding, and cryptography},
    EDITOR = {Sala, Massimiliano and Mora, Teo and Perret, Ludovic and
              Sakata, Shojiro and Traverso, Carlo},
 PUBLISHER = {Springer-Verlag, Berlin},
      YEAR = {2009},
     PAGES = {xvi+430},
      ISBN = {978-3-540-93805-7},
   MRCLASS = {94-06 (13P10 94A60 94B35)},
  MRNUMBER = {2590633},
       DOI = {10.1007/978-3-540-93806-4},
       URL = {http://dx.doi.org/10.1007/978-3-540-93806-4},
}

@incollection{MR2394773,
    AUTHOR = {Seiler, Werner M.},
     TITLE = {Spencer cohomology, differential equations, and {P}ommaret
              bases},
 BOOKTITLE = {Gr\"{o}bner bases in symbolic analysis},
    SERIES = {Radon Ser. Comput. Appl. Math.},
    VOLUME = {2},
     PAGES = {169--216},
 PUBLISHER = {Walter de Gruyter, Berlin},
      YEAR = {2007},
   MRCLASS = {58H10 (13D25 13P10 35A27)},
  MRNUMBER = {2394773},
MRREVIEWER = {Valery A. Yumaguzhin},
}

@book {MR2547481,
    AUTHOR = {Shirshov, Anatoly I.},
     TITLE = {Selected works of {A}. {I}. {S}hirshov},
    SERIES = {Contemporary Mathematicians},
      NOTE = {Translated from the Russian by Murray Bremner and Mikhail V.
              Kotchetov,
              Edited by Leonid A. Bokut, Victor Latyshev, Ivan Shestakov and
              Efim Zelmanov},
 PUBLISHER = {Birkh\"auser Verlag, Basel},
      YEAR = {2009},
     PAGES = {viii+242},
      ISBN = {978-3-7643-8857-7},
   MRCLASS = {01A75 (01-06 16-03 17-03)},
  MRNUMBER = {2547481},
}

@article {MR0183753,
    AUTHOR = {{\v{S}}ir{\v{s}}ov, Anatoly I.},
     TITLE = {Some algorithm problems for {L}ie algebras},
   JOURNAL = {Sibirsk. Mat. \v Z.},
  FJOURNAL = {Akademija Nauk SSSR. Sibirskoe Otdelenie. Sibirski\u\i\
              Matemati\v ceski\u\i\ \v Zurnal},
    VOLUME = {3},
      YEAR = {1962},
     PAGES = {292--296},
      ISSN = {0037-4474},
   MRCLASS = {17.30 (02.80)},
  MRNUMBER = {0183753},
MRREVIEWER = {S. I. Adjan},
}

@article {MR0183744,
    AUTHOR = {{\v{S}}ir{\v{s}}ov, Anatoly I.},
     TITLE = {Some algorithmic problems for {$\varepsilon $}-algebras},
   JOURNAL = {Sibirsk. Mat. \v Z.},
  FJOURNAL = {Akademija Nauk SSSR. Sibirskoe Otdelenie. Sibirski\u\i\
              Matemati\v ceski\u\i\ \v Zurnal},
    VOLUME = {3},
      YEAR = {1962},
     PAGES = {132--137},
      ISSN = {0037-4474},
   MRCLASS = {13.99 (02.74)},
  MRNUMBER = {0183744},
MRREVIEWER = {V. N. Laty{\v{s}}ev},
}

@article{MR0242200,
    AUTHOR = {Spencer, D. C.},
     TITLE = {Overdetermined systems of linear partial differential
              equations},
   JOURNAL = {Bull. Amer. Math. Soc.},
  FJOURNAL = {Bulletin of the American Mathematical Society},
    VOLUME = {75},
      YEAR = {1969},
     PAGES = {179--239},
      ISSN = {0002-9904},
   MRCLASS = {57.70 (35.00)},
  MRNUMBER = {0242200},
MRREVIEWER = {H. Kumano-go},
       DOI = {10.1090/S0002-9904-1969-12129-4},
       URL = {https://doi.org/10.1090/S0002-9904-1969-12129-4},
}

@article {MR920522,
    AUTHOR = {Squier, Craig C.},
     TITLE = {Word problems and a homological finiteness condition for
              monoids},
   JOURNAL = {J. Pure Appl. Algebra},
  FJOURNAL = {Journal of Pure and Applied Algebra},
    VOLUME = {49},
      YEAR = {1987},
    NUMBER = {1-2},
     PAGES = {201--217},
      ISSN = {0022-4049},
     CODEN = {JPAAA2},
   MRCLASS = {20J05 (03B25 03D40 20F10 20M05 20M50)},
  MRNUMBER = {920522},
MRREVIEWER = {Kenneth S. Brown},
       DOI = {10.1016/0022-4049(87)90129-0},
       URL = {http://dx.doi.org/10.1016/0022-4049(87)90129-0},
}

@article{MR0146227,
    AUTHOR = {Tamari, Dov},
     TITLE = {The algebra of bracketings and their enumeration},
   JOURNAL = {Nieuw Arch. Wisk. (3)},
  FJOURNAL = {Nieuw Archief voor Wiskunde. Vierde Serie},
    VOLUME = {10},
      YEAR = {1962},
     PAGES = {131--146},
      ISSN = {0028-9825},
   MRCLASS = {17.10},
  MRNUMBER = {0146227},
MRREVIEWER = {R. H. Oehmke},
}

@article {MR0086072,
    AUTHOR = {Tate, John},
     TITLE = {Homology of {N}oetherian rings and local rings},
   JOURNAL = {Illinois J. Math.},
  FJOURNAL = {Illinois Journal of Mathematics},
    VOLUME = {1},
      YEAR = {1957},
     PAGES = {14--27},
      ISSN = {0019-2082},
   MRCLASS = {18.0X},
  MRNUMBER = {0086072},
MRREVIEWER = {D. Buchsbaum},
}

@article {MR508083,
    AUTHOR = {Warfield, Jr., R. B.},
     TITLE = {Stable equivalence of matrices and resolutions},
   JOURNAL = {Comm. Algebra},
  FJOURNAL = {Communications in Algebra},
    VOLUME = {6},
      YEAR = {1978},
    NUMBER = {17},
     PAGES = {1811--1828},
      ISSN = {0092-7872},
   MRCLASS = {16A54 (15A33)},
  MRNUMBER = {508083},
MRREVIEWER = {J. C. Robson},
       DOI = {10.1080/00927877808822323},
       URL = {https://doi.org/10.1080/00927877808822323},
}