@inproceedings{ClQu:11,
  TITLE = {{A constructive version of Fitting's theorem on isomorphisms and equivalences of linear systems}},
  AUTHOR = {Cluzeau, Thomas and Quadrat, Alban},
  URL = {https://hal.archives-ouvertes.fr/hal-00682765},
  BOOKTITLE = {{7th International Workshop on Multidimensional Systems (nDs)}},
  ADDRESS = {Poitiers, France},
  PAGES = {1-8},
  YEAR = {2011},
  %MONTH = Sep,
  %DOI = {10.1109/nDS.2011.6076860},
  %HAL_ID = {hal-00682765},
  %HAL_VERSION = {v1},
}


@article {Fi:36,
    AUTHOR = {Fitting, Hans},
     TITLE = {\"{U}ber den {Z}usammenhang zwischen dem {B}egriff der
              {G}leichartigkeit zweier {I}deale und dem \"{A}quivalenzbegriff
              der {E}lementarteilertheorie},
   JOURNAL = {Math. Ann.},
  FJOURNAL = {Mathematische Annalen},
    VOLUME = {112},
      YEAR = {1936},
    NUMBER = {1},
     PAGES = {572--582},
      %ISSN = {0025-5831},
   %MRCLASS = {DML},
  %MRNUMBER = {1513062},
       %DOI = {10.1007/BF01565430},
       %URL = {https://doi.org/10.1007/BF01565430},
}

@book {Ro:09,
    AUTHOR = {Rotman, Joseph J.},
     TITLE = {An introduction to homological algebra},
    SERIES = {Universitext},
   EDITION = {Second},
 PUBLISHER = {Springer, New York},
      YEAR = {2009},
     PAGES = {xiv+709},
      %ISBN = {978-0-387-24527-0},
   %MRCLASS = {18Gxx (13Dxx 16Exx 18-01 20J06)},
  %MRNUMBER = {2455920},
%MRREVIEWER = {Fernando Muro},
       %DOI = {10.1007/b98977},
       %URL = {https://doi.org/10.1007/b98977},
}

@article {Wa:78,
    AUTHOR = {Warfield, Jr., R. B.},
     TITLE = {Stable equivalence of matrices and resolutions},
   JOURNAL = {Comm. Algebra},
  FJOURNAL = {Communications in Algebra},
    VOLUME = {6},
      YEAR = {1978},
    NUMBER = {17},
     PAGES = {1811--1828},
      %ISSN = {0092-7872},
   %MRCLASS = {16A54 (15A33)},
  %MRNUMBER = {508083},
%MRREVIEWER = {J. C. Robson},
       %DOI = {10.1080/00927877808822323},
       %URL = {https://doi.org/10.1080/00927877808822323},
}